% This file was created with JabRef 2.7b.
% Encoding: Cp1252

@STANDARD{1,
  title = {World Population Aging 1950-2050},
  organization = {United Nations},
  author = {Department of Economic and Social Affairs - Population Division},
  address = {New York},
  year = {2001},
  url = {http://www.un.org/esa/population/publications/worldageing19502050/},
  journal = {Department of Economic and Social Affairs New York},
  owner = {mnobrega},
  timestamp = {2012.10.21}
}

@comment{jabref-meta: selector_publisher:}

@comment{jabref-meta: selector_author:}

@comment{jabref-meta: selector_journal:}

@comment{jabref-meta: selector_keywords:}

